@online{62231,
 author = {Equipe Rede Segura},
 note = {Acessado em 19/06/2016},
 title = {{S\'erie ataques: Saiba mais sobre o Cross-Site Scripting (XSS)}},
 url = {http://www.redesegura.com.br/2012/01/saiba-mais-sobre-o-cross-site-scripting-xss}
}


@misc{62228,
 author = {{Cert}},
 note = {Acessado em 17/06/2016},
 title = {{Cartilha de Seguran{\c c}a na Internet}},
 url = {http://cartilha.cert.br/ataques/}
}


@online{62210,
 author = {software.dzhuvinov.com},
 note = {Acessado em 09/05/2016},
 title = {{Cors Filter}},
 url = {http://software.dzhuvinov.com/cors-filter.html}
}


@manual{62212,
 author = {MySql},
 note = {Acessado em 14/05/2016},
 title = {{Comment Syntax}},
 url = {http://dev.mysql.com/doc/refman/5.7/en/comments.html}
}


@book{62204,
 author = {Georgia Weidman},
 editor = {Novatec},
 isbn = {978-85-7522-407-6},
 publisher = {No Starch Press},
 title = {{Testes de Invas{\~a}o: Uma introdu{\c c}{\~a}o pr\'atica ao hacking}},
 year = {2014}
}


@misc{62203,
 author = {Morgan Slain},
 month = {Janeiro},
 note = {Acessado em 07/05/2016},
 title = {{Announcing Our Worst Passwords of 2015}},
 url = {https://www.teamsid.com/worst-passwords-2015/},
 year = {2016}
}


@online{62215,
 author = {Wikip\'edia},
 note = {Acessado em 09/05/2016},
 title = {{Protocolo de encapsulamento de camada 2 (L2TP)}},
 url = {https://technet.microsoft.com/pt-br/library/cc736675(v=ws.10).aspx}
}


@online{62216,
 author = {Kali Linux},
 note = {Acessado em 19/06/2016},
 title = {{Kali Linux}},
 url = {https://www.kali.org}
}


@online{62218,
 author = {Darren Pauli},
 month = {Mar{\c c}o},
 note = {Acessado em 19/06/2016},
 title = {{BackTrack successor Kali Linux launched}},
 url = {http://www.itnews.com.au/news/backtrack-successor-kali-launched-336420},
 year = {2013}
}


@online{62219,
 author = {Offensive Security},
 note = {Acessado em 19/06/2016},
 title = {{Kali Linux Tools Listing}},
 url = {http://tools.kali.org/tools-listing}
}


@misc{62226,
 author = {Rapid7},
 note = {Acessado em 17/06/2016},
 title = {{Metasploit  Framework}},
 url = {https://github.com/rapid7/metasploit-framework}
}


@online{62209,
 author = {Wikip\'edia},
 note = {Acessado em 09/05/2016},
 title = {{Simple Network Management Protocol}},
 url = {https://pt.wikipedia.org/wiki/Simple_Network_Management_Protocol}
}


@online{62208,
 author = {Wikip\'edia},
 note = {Acessado em 09/05/2016},
 title = {{NetBIOS}},
 url = {https://pt.wikipedia.org/wiki/NetBIOS}
}


@book{62127,
 author = {Josh Pauli},
 editor = {Novatec},
 isbn = {978-85-7522-391-8},
 note = {Acessado em 01/},
 publisher = {EL SEVIER INC},
 title = {{Introdu{\c c}{\~a}o ao Web Hacking: Ferramentas e t\'ecnicas para invas{\~a}o de aplica{\c c}{\~o}es web}},
 year = {2014}
}


@manual{62241,
 author = {ABNT},
 month = {Agosto},
 organization = {ABNT},
 title = {{ABNT ISO/IEC 27002}},
 year = {2005}
}


@misc{62123,
 author = {DesenvolvimentoAgil.com.br},
 note = {Acessado em 21/06/2016},
 title = {{SCRUM}},
 url = {http://www.desenvolvimentoagil.com.br/scrum/}
}


@misc{62221,
 author = {Jan Dlabal},
 note = {Acessado em 19/06/2016},
 title = {{H Y D R A}},
 url = {https://github.com/vanhauser-thc/thc-hydra}
}


@misc{62233,
 author = {N{\~a}o Salvo},
 note = {Acessado em 19/06/2016},
 title = {{O dia que o Ganso foi pro Corinthians, eu virei um hacker (?!) e o Santos decidiu me Processar}},
 url = {http://www.naosalvo.com.br/o-dia-em-que-o-ganso-foi-para-o-corinthians-eu-virei-um-hacker-e-o-santos-decidiu-me-processar},
 year = {2011}
}


@online{62223,
 author = {Insecure.org},
 note = {Acessado em 19/06/2016},
 title = {{Featured News}},
 url = {http://insecure.org/}
}


@misc{62222,
 author = {sqlmapproject},
 note = {Acessado em 19/06/2016},
 title = {{sqlmap}},
 url = {https://github.com/sqlmapproject/sqlmap}
}


@online{62225,
 author = {Rapid7},
 note = {Acessado em 17/06/2016},
 title = {{Metasploit}},
 url = {https://www.metasploit.com/}
}


@online{62224,
 author = {Portswigger},
 note = {Acessado em 17/06/2016},
 title = {{Burp Suite}},
 url = {https://portswigger.net/burp}
}


@online{62235,
 author = {Kleber Bernardo},
 note = {Acessado em 21/06/2016},
 title = {{Kanban: Do in{\'\i}cio ao fim!}},
 url = {http://www.culturaagil.com.br/kanban-do-inicio-ao-fim/}
}


@online{62948,
 author = {Jo{\~a}o Kurtz},
 note = {Acessado em 14/04/15},
 title = {{Apple investiga vazamento de fotos {\'\i}ntimas de celebridades no icloud}},
 url = {http://veja.abril.com.br/noticia/vida-digital/sony-e-alvo-de-acao-por-vazamento-de-dados-do-ps2/},
 year = {2014}
}


@online{62949,
 author = {Geek Tech},
 note = {Acessado em 29/03/15},
 title = {{Hacker do ps3 culpa arrog\^ancia da sony por vazamento de dados da psn}},
 url = {http://www.relacionamentodigital.com/anal-o-que-e-seguranca-da-informacao},
 year = {2011}
}


@online{62213,
 note = {Acessado em 16/05/2016},
 title = {{Coment\'arios}},
 url = {https://technet.microsoft.com/pt-br/library/ms188621(v=sql.105).aspx}
}


@misc{62205,
 author = {https://hackertarget.com},
 note = {Acessado em 09/05/2016},
 title = {{https://hackertarget.com}},
 url = {https://hackertarget.com/sqlmap-post-request-injection/}
}


@manual{62214,
 author = {Oracle},
 note = {Acessado em 16/05/2016},
 title = {{Comment}},
 url = {http://docs.oracle.com/cd/B28359_01/appdev.111/b28370/comment.htm}
}


@online{62207,
 author = {Wikip\'edia},
 note = {Acessado em 09/05/2016},
 title = {{Network Time Protocol}},
 url = {https://pt.wikipedia.org/wiki/Network_Time_Protocol}
}


@online{62952,
 author = {Wikip\'edia},
 note = {Acessado em 25/03/15},
 title = {{Instituto Federal de Pernambuco}},
 url = {http://pt.wikipedia.org/wiki/Instituto_Federal_de_Pernambuco,},
 year = {2008}
}


@online{62951,
 author = {Veja},
 note = {Acessado em 25/03/15},
 title = {{Sony \'e alvo de a{\c c}{\~a}o por vazamento de dados do ps3}},
 url = {http://veja.abril.com.br/noticia/vida-digital/sony-e-alvo-de-acao-por-vazamento-de-dados-do-ps2/},
 year = {2011}
}


